<?xml version="1.0" encoding="UTF-8"?><record xmlns="http://www.loc.gov/MARC21/slim" xmlns:cinclude="http://apache.org/cocoon/include/1.0" xmlns:zs="http://www.loc.gov/zing/srw/">
  <leader>00569cz  a2200145n  4500</leader>
  <controlfield tag="001">no 94014582 </controlfield>
  <controlfield tag="003">DLC</controlfield>
  <controlfield tag="005">20070710075118.0</controlfield>
  <controlfield tag="008">940502n| acannaabn          |a ana     c</controlfield>
  <datafield tag="010" ind1=" " ind2=" ">
    <subfield code="a">no 94014582 </subfield>
  </datafield>
  <datafield tag="035" ind1=" " ind2=" ">
    <subfield code="a">(OCoLC)oca03598904</subfield>
  </datafield>
  <datafield tag="040" ind1=" " ind2=" ">
    <subfield code="a">ICU</subfield>
    <subfield code="b">eng</subfield>
    <subfield code="c">ICU</subfield>
    <subfield code="d">IEN</subfield>
  </datafield>
  <datafield tag="110" ind1="1" ind2=" ">
    <subfield code="a">Spain.</subfield>
    <subfield code="b">Comisión de Revisión de Precios</subfield>
  </datafield>
  <datafield tag="410" ind1="1" ind2=" ">
    <subfield code="a">Spain.</subfield>
    <subfield code="b">Ministerio de Obras Públicas.</subfield>
    <subfield code="b">Comisión de Revisión de Precios</subfield>
  </datafield>
  <datafield tag="670" ind1=" " ind2=" ">
    <subfield code="a">Memoria, 1966 :</subfield>
    <subfield code="b">cover and spine title (Comisión de Revisión de Precios) t.p. (Ministerio de Obras Públicas. Comisión de Revisión de Precios)</subfield>
  </datafield>
</record>